<?xml version="1.0" encoding="UTF-8"?><record xmlns="http://www.loc.gov/MARC21/slim" xmlns:cinclude="http://apache.org/cocoon/include/1.0" xmlns:zs="http://www.loc.gov/zing/srw/">
  <leader>00353nz  a2200121n  4500</leader>
  <controlfield tag="001">n 2014050598</controlfield>
  <controlfield tag="003">DLC</controlfield>
  <controlfield tag="005">20140819173034.0</controlfield>
  <controlfield tag="008">140819n| azannaabn          |n aaa      </controlfield>
  <datafield tag="010" ind1=" " ind2=" ">
    <subfield code="a">n 2014050598</subfield>
  </datafield>
  <datafield tag="040" ind1=" " ind2=" ">
    <subfield code="a">DLC</subfield>
    <subfield code="b">eng</subfield>
    <subfield code="c">DLC</subfield>
    <subfield code="e">rda</subfield>
  </datafield>
  <datafield tag="100" ind1="1" ind2=" ">
    <subfield code="a">Woolley, William,</subfield>
    <subfield code="d">active 1918</subfield>
  </datafield>
  <datafield tag="670" ind1=" " ind2=" ">
    <subfield code="a">We will fight till the Kaiser cries "enough!", 1918:</subfield>
    <subfield code="b">t.p. (William Woolley)</subfield>
  </datafield>
</record>